<?xml version="1.0" encoding="UTF-8"?><collection xmlns="http://www.loc.gov/MARC21/slim"><record><leader>00422nam--2200133-i-4500</leader><controlfield tag="001">000028615</controlfield><controlfield tag="002">20161230</controlfield><controlfield tag="005">20161230201037</controlfield><controlfield tag="008">060222s1000------------r-----000-0-eng-d</controlfield><datafield ind1=" " ind2=" " tag="080"><subfield code="a">02:061.3</subfield></datafield><datafield ind1=" " ind2=" " tag="245"><subfield code="a">Ifla annual 1969. annual reports. actes du conseil general. rapports annuels</subfield></datafield><datafield ind1=" " ind2=" " tag="260"><subfield code="a">Copenhagen, Scandinavian Library Center, 1970. 289p</subfield></datafield><datafield ind1=" " ind2=" " tag="490"><subfield code="a">International Federation Of Library Associations</subfield></datafield><datafield ind1=" " ind2=" " tag="852"><subfield code="a">35927</subfield></datafield></record></collection>